<record><leader>00000cas a2200000 a 4500</leader><controlfield tag="001">40966668</controlfield><controlfield tag="008">990316d19942007causr ne      0    0eng c</controlfield><datafield ind1=" " ind2=" " tag="010"><subfield code="a">sn 99021399 </subfield></datafield><datafield ind1=" " ind2=" " tag="040"><subfield code="a">CRL</subfield><subfield code="b">eng</subfield><subfield code="c">CRL</subfield><subfield code="d">CNK</subfield><subfield code="d">CRL</subfield><subfield code="d">OCLCQ</subfield><subfield code="d">OCLCF</subfield></datafield><datafield ind1="1" ind2=" " tag="029"><subfield code="a">AU@</subfield><subfield code="b">000020039988</subfield></datafield><datafield ind1="0" ind2=" " tag="041"><subfield code="a">engswe</subfield></datafield><datafield ind1=" " ind2=" " tag="042"><subfield code="a">pcc</subfield></datafield><datafield ind1=" " ind2=" " tag="043"><subfield code="a">n-us-ca</subfield></datafield><datafield ind1="0" ind2=" " tag="130"><subfield code="a">Vestkusten (Mill Valley, Calif.)</subfield></datafield><datafield ind1="1" ind2="0" tag="245"><subfield code="a">Vestkusten.</subfield></datafield><datafield ind1=" " ind2=" " tag="260"><subfield code="a">Mill Valley, Calif. :</subfield><subfield code="b">Vestkusten</subfield></datafield><datafield ind1=" " ind2=" " tag="300"><subfield code="a">v. :</subfield><subfield code="b">ill. ;</subfield><subfield code="c">39 cm.</subfield></datafield><datafield ind1=" " ind2=" " tag="310"><subfield code="a">Semimonthly</subfield></datafield><datafield ind1="0" ind2=" " tag="362"><subfield code="a">A&#778;rg. 108, nr. 8 (1 maj 1994)-a&#778;rg./year 121, no. 19 (Nov. 15, 2007).</subfield></datafield><datafield ind1=" " ind2=" " tag="500"><subfield code="a">&quot;Tidning fo&#776;r svenskarna pa&#778; stillahavskusten.&quot;</subfield></datafield><datafield ind1=" " ind2=" " tag="546"><subfield code="a">In English and Swedish.</subfield></datafield><datafield ind1=" " ind2="0" tag="650"><subfield code="a">Swedes</subfield><subfield code="z">California</subfield><subfield code="v">Newspapers.</subfield></datafield><datafield ind1=" " ind2="0" tag="650"><subfield code="a">Swedish Americans</subfield><subfield code="z">California</subfield><subfield code="v">Newspapers.</subfield></datafield><datafield ind1=" " ind2="0" tag="651"><subfield code="a">Mill Valley (Calif.)</subfield><subfield code="v">Newspapers.</subfield></datafield><datafield ind1=" " ind2="7" tag="655"><subfield code="a">Newspapers.</subfield><subfield code="2">fast</subfield><subfield code="0">(OCoLC)fst01423814</subfield></datafield><datafield ind1=" " ind2="7" tag="650"><subfield code="a">Swedes.</subfield><subfield code="2">fast</subfield><subfield code="0">(OCoLC)fst01139996</subfield></datafield><datafield ind1=" " ind2="7" tag="650"><subfield code="a">Swedish Americans.</subfield><subfield code="2">fast</subfield><subfield code="0">(OCoLC)fst01140023</subfield></datafield><datafield ind1=" " ind2="7" tag="651"><subfield code="a">California.</subfield><subfield code="2">fast</subfield><subfield code="0">(OCoLC)fst01204928</subfield></datafield><datafield ind1=" " ind2="7" tag="651"><subfield code="a">California</subfield><subfield code="z">Mill Valley.</subfield><subfield code="2">fast</subfield><subfield code="0">(OCoLC)fst01209830</subfield></datafield><datafield ind1=" " ind2=" " tag="752"><subfield code="a">United States</subfield><subfield code="b">California</subfield><subfield code="c">Marin</subfield><subfield code="d">Mill Valley.</subfield></datafield><datafield ind1="0" ind2="0" tag="780"><subfield code="t">New vestkusten</subfield><subfield code="w">(DLC)sn 93004226</subfield><subfield code="w">(OCoLC)29513598</subfield></datafield><datafield ind1="0" ind2="4" tag="785"><subfield code="t">Nordstjernan (New York, N.Y. : 1991)</subfield><subfield code="w">(DLC)sn 91004607</subfield><subfield code="w">(OCoLC)24728237</subfield></datafield></record>